{
  "leader": "04096cas a2200817 i 4500",
  "fields": [
    {
      "001": "ocm01390110\\"
    },
    {
      "003": "OCoLC"
    },
    {
      "005": "20230126125955.0"
    },
    {
      "008": "750613c19609999nyusr\\p\\\\\\\\\\\\\\0\\\\\\a0eng\\c"
    },
    {
      "010": {
        "ind1": "\\",
        "ind2": "\\",
        "subfields": [
          {
            "a": "   63006481 "
          },
          {
            "z": "sn 78004262 "
          }
        ]
      }
    },
    {
      "040": {
        "ind1": "\\",
        "ind2": "\\",
        "subfields": [
          {
            "a": "NSD"
          },
          {
            "b": "eng"
          },
          {
            "c": "NSD"
          },
          {
            "d": "OCL"
          },
          {
            "d": "NSD"
          },
          {
            "d": "OCL"
          },
          {
            "d": "YUS"
          },
          {
            "d": "IUL"
          },
          {
            "d": "HUL"
          },
          {
            "d": "DLC"
          },
          {
            "d": "SER"
          },
          {
            "d": "RCS"
          },
          {
            "d": "AIP"
          },
          {
            "d": "NSD"
          },
          {
            "d": "AIP"
          },
          {
            "d": "NSD"
          },
          {
            "d": "AIP"
          },
          {
            "d": "NSD"
          },
          {
            "d": "AIP"
          },
          {
            "d": "OCL"
          },
          {
            "d": "NST"
          },
          {
            "d": "AGL"
          },
          {
            "d": "GUA"
          },
          {
            "d": "OCL"
          },
          {
            "d": "NLM"
          },
          {
            "d": "NSD"
          },
          {
            "d": "GUA"
          },
          {
            "d": "OCLCQ"
          },
          {
            "d": "DLC"
          },
          {
            "d": "MUQ"
          },
          {
            "d": "CUS"
          },
          {
            "d": "NLGGC"
          },
          {
            "d": "GUA"
          },
          {
            "d": "IUL"
          },
          {
            "d": "WAU"
          },
          {
            "d": "MYG"
          },
          {
            "d": "OCLCQ"
          },
          {
            "d": "M6U"
          },
          {
            "d": "CUS"
          },
          {
            "d": "OCLCO"
          },
          {
            "d": "OCLCQ"
          },
          {
            "d": "OCLCF"
          },
          {
            "d": "DLC"
          },
          {
            "d": "OCLCA"
          },
          {
            "d": "OCLCO"
          },
          {
            "d": "EUW"
          },
          {
            "d": "OCLCO"
          },
          {
            "d": "OCLCQ"
          },
          {
            "d": "OCLCO"
          },
          {
            "d": "OCLCA"
          },
          {
            "d": "OCLCQ"
          },
          {
            "d": "CSJ"
          },
          {
            "d": "OCLCO"
          },
          {
            "d": "VOD"
          },
          {
            "d": "CASUM"
          },
          {
            "d": "NJR"
          },
          {
            "d": "OCLCA"
          },
          {
            "d": "OCLCQ"
          },
          {
            "d": "OCLCA"
          },
          {
            "d": "L2U"
          },
          {
            "d": "PUL"
          }
        ]
      }
    },
    {
      "012": {
        "ind1": "\\",
        "ind2": "\\",
        "subfields": [
          {
            "a": "3"
          },
          {
            "e": "n"
          },
          {
            "j": "0"
          },
          {
            "k": "1"
          },
          {
            "m": "1"
          }
        ]
      }
    },
    {
      "016": {
        "ind1": "7",
        "ind2": "\\",
        "subfields": [
          {
            "a": "0370626"
          },
          {
            "2": "DNLM"
          }
        ]
      }
    },
    {
      "016": {
        "ind1": "7",
        "ind2": "\\",
        "subfields": [
          {
            "a": "B19100000"
          },
          {
            "z": "B19120000"
          },
          {
            "z": "B19140000"
          },
          {
            "2": "DNLM"
          }
        ]
      }
    },
    {
      "019": {
        "ind1": "\\",
        "ind2": "\\",
        "subfields": [
          {
            "a": "1536461"
          },
          {
            "a": "435995779"
          },
          {
            "a": "866087317"
          },
          {
            "a": "1056427280"
          },
          {
            "a": "1184219871"
          },
          {
            "a": "1201570023"
          }
        ]
      }
    },
    {
      "022": {
        "ind1": "0",
        "ind2": "\\",
        "subfields": [
          {
            "a": "0006-3495"
          },
          {
            "l": "0006-3495"
          },
          {
            "2": "1"
          }
        ]
      }
    },
    {
      "030": {
        "ind1": "\\",
        "ind2": "\\",
        "subfields": [
          {
            "a": "BIOJAU"
          }
        ]
      }
    },
    {
      "032": {
        "ind1": "\\",
        "ind2": "\\",
        "subfields": [
          {
            "a": "056580"
          },
          {
            "b": "USPS"
          }
        ]
      }
    },
    {
      "035": {
        "ind1": "\\",
        "ind2": "\\",
        "subfields": [
          {
            "a": "(OCoLC)1390110"
          },
          {
            "z": "(OCoLC)1536461"
          },
          {
            "z": "(OCoLC)435995779"
          },
          {
            "z": "(OCoLC)866087317"
          },
          {
            "z": "(OCoLC)1056427280"
          },
          {
            "z": "(OCoLC)1184219871"
          },
          {
            "z": "(OCoLC)1201570023"
          }
        ]
      }
    },
    {
      "037": {
        "ind1": "\\",
        "ind2": "\\",
        "subfields": [
          {
            "b": "Biophysical Society, 1230 York Ave., New York, NY 10021"
          }
        ]
      }
    },
    {
      "042": {
        "ind1": "\\",
        "ind2": "\\",
        "subfields": [
          {
            "a": "nsdp"
          },
          {
            "a": "pcc"
          }
        ]
      }
    },
    {
      "050": {
        "ind1": "0",
        "ind2": "0",
        "subfields": [
          {
            "a": "QH505"
          },
          {
            "b": "B537"
          }
        ]
      }
    },
    {
      "060": {
        "ind1": "0",
        "ind2": "0",
        "subfields": [
          {
            "a": "W1"
          },
          {
            "b": "BI8765"
          }
        ]
      }
    },
    {
      "070": {
        "ind1": "0",
        "ind2": "\\",
        "subfields": [
          {
            "a": "442.8"
          },
          {
            "b": "B5238"
          }
        ]
      }
    },
    {
      "072": {
        "ind1": "\\",
        "ind2": "7",
        "subfields": [
          {
            "a": "X300"
          }
        ]
      }
    },
    {
      "082": {
        "ind1": "0",
        "ind2": "4",
        "subfields": [
          {
            "a": "574.19105"
          },
          {
            "b": "BIO"
          }
        ]
      }
    },
    {
      "210": {
        "ind1": "0",
        "ind2": "\\",
        "subfields": [
          {
            "a": "Biophys. j."
          },
          {
            "b": "(Print)"
          }
        ]
      }
    },
    {
      "222": {
        "ind1": "\\",
        "ind2": "0",
        "subfields": [
          {
            "a": "Biophysical journal"
          },
          {
            "b": "(Print)"
          }
        ]
      }
    },
    {
      "245": {
        "ind1": "0",
        "ind2": "0",
        "subfields": [
          {
            "a": "Biophysical journal."
          }
        ]
      }
    },
    {
      "260": {
        "ind1": "\\",
        "ind2": "\\",
        "subfields": [
          {
            "a": "New York :"
          },
          {
            "b": "published for the Biophysical Society by the Rockefeller University Press,"
          },
          {
            "c": "1960-."
          }
        ]
      }
    },
    {
      "300": {
        "ind1": "\\",
        "ind2": "\\",
        "subfields": [
          {
            "a": "volumes :"
          },
          {
            "b": "illustrations, diagrams ;"
          },
          {
            "c": "26 cm"
          }
        ]
      }
    },
    {
      "310": {
        "ind1": "\\",
        "ind2": "\\",
        "subfields": [
          {
            "a": "Semimonthly,"
          },
          {
            "b": "2006-"
          }
        ]
      }
    },
    {
      "321": {
        "ind1": "\\",
        "ind2": "\\",
        "subfields": [
          {
            "a": "Bimonthly,"
          },
          {
            "b": "1960-"
          }
        ]
      }
    },
    {
      "321": {
        "ind1": "\\",
        "ind2": "\\",
        "subfields": [
          {
            "a": "Monthly,"
          },
          {
            "b": "<June 1979>-2005"
          }
        ]
      }
    },
    {
      "336": {
        "ind1": "\\",
        "ind2": "\\",
        "subfields": [
          {
            "a": "text"
          },
          {
            "b": "txt"
          },
          {
            "2": "rdacontent"
          }
        ]
      }
    },
    {
      "337": {
        "ind1": "\\",
        "ind2": "\\",
        "subfields": [
          {
            "a": "unmediated"
          },
          {
            "b": "n"
          },
          {
            "2": "rdamedia"
          }
        ]
      }
    },
    {
      "338": {
        "ind1": "\\",
        "ind2": "\\",
        "subfields": [
          {
            "a": "volume"
          },
          {
            "b": "nc"
          },
          {
            "2": "rdacarrier"
          }
        ]
      }
    },
    {
      "362": {
        "ind1": "0",
        "ind2": "\\",
        "subfields": [
          {
            "a": "v. 1- Sept. 1960-"
          }
        ]
      }
    },
    {
      "515": {
        "ind1": "\\",
        "ind2": "\\",
        "subfields": [
          {
            "a": "Vol. 4, no. 1, pt. 2- numbered also as Proceedings of the Symposium of the New York Heart Association, 4th- 1964-"
          }
        ]
      }
    },
    {
      "525": {
        "ind1": "\\",
        "ind2": "\\",
        "subfields": [
          {
            "a": "One issue each year (Jan. or Feb.) for <1975-2005> includes a supplement, designated \"pt. 2\" consisting of Abstracts of the annual Meeting of the Biophysical Society."
          }
        ]
      }
    },
    {
      "550": {
        "ind1": "\\",
        "ind2": "\\",
        "subfields": [
          {
            "a": "\"Edited by the Biophysical Society in cooperation with the Division of Biological Physics of the American Physical Society,\" <June 1979->"
          }
        ]
      }
    },
    {
      "588": {
        "ind1": "\\",
        "ind2": "\\",
        "subfields": [
          {
            "a": "Latest issue consulted: Vol. 91, no. 2 (July 15, 2006)."
          }
        ]
      }
    },
    {
      "650": {
        "ind1": "\\",
        "ind2": "0",
        "subfields": [
          {
            "a": "Biophysics"
          },
          {
            "v": "Periodicals."
          }
        ]
      }
    },
    {
      "650": {
        "ind1": "\\",
        "ind2": "2",
        "subfields": [
          {
            "a": "Biophysics."
          }
        ]
      }
    },
    {
      "650": {
        "ind1": "\\",
        "ind2": "7",
        "subfields": [
          {
            "a": "Biophysics."
          },
          {
            "2": "fast"
          },
          {
            "0": "(OCoLC)fst00832656"
          }
        ]
      }
    },
    {
      "655": {
        "ind1": "\\",
        "ind2": "2",
        "subfields": [
          {
            "a": "Periodical."
          }
        ]
      }
    },
    {
      "655": {
        "ind1": "\\",
        "ind2": "7",
        "subfields": [
          {
            "a": "Periodicals."
          },
          {
            "2": "fast"
          },
          {
            "0": "(OCoLC)fst01411641"
          }
        ]
      }
    },
    {
      "655": {
        "ind1": "\\",
        "ind2": "7",
        "subfields": [
          {
            "a": "Periodicals."
          },
          {
            "2": "lcgft"
          },
          {
            "0": "http://id.loc.gov/authorities/genreForms/gf2014026139"
          },
          {
            "0": "(uri) http://id.loc.gov/authorities/genreForms/gf2014026139"
          }
        ]
      }
    },
    {
      "710": {
        "ind1": "2",
        "ind2": "\\",
        "subfields": [
          {
            "a": "Biophysical Society."
          }
        ]
      }
    },
    {
      "710": {
        "ind1": "2",
        "ind2": "\\",
        "subfields": [
          {
            "a": "American Physical Society."
          },
          {
            "b": "Division of Biological Physics."
          }
        ]
      }
    },
    {
      "710": {
        "ind1": "2",
        "ind2": "2",
        "subfields": [
          {
            "a": "New York Heart Association."
          },
          {
            "t": "Symposium."
          }
        ]
      }
    },
    {
      "710": {
        "ind1": "2",
        "ind2": "2",
        "subfields": [
          {
            "a": "Biophysical Society."
          },
          {
            "b": "Meeting."
          },
          {
            "t": "Abstracts."
          }
        ]
      }
    },
    {
      "776": {
        "ind1": "0",
        "ind2": "8",
        "subfields": [
          {
            "i": "Online version:"
          },
          {
            "t": "Biophysical journal"
          },
          {
            "x": "1542-0086"
          },
          {
            "w": "(DLC)  2002215137"
          },
          {
            "w": "(OCoLC)43428667"
          }
        ]
      }
    },
    {
      "780": {
        "ind1": "0",
        "ind2": "5",
        "subfields": [
          {
            "a": "Biophysical Society. Meeting."
          },
          {
            "t": "Biophysical Society program and abstracts"
          },
          {
            "w": "(DLC)  2007252305"
          },
          {
            "w": "(OCoLC)5576504"
          }
        ]
      }
    },
    {
      "785": {
        "ind1": "0",
        "ind2": "1",
        "subfields": [
          {
            "a": "Biophysical Society. Meeting."
          },
          {
            "t": "Annual Meeting abstracts CD-ROM"
          },
          {
            "w": "(DLC)  2006234123"
          },
          {
            "w": "(OCoLC)76943521"
          }
        ]
      }
    },
    {
      "785": {
        "ind1": "0",
        "ind2": "1",
        "subfields": [
          {
            "a": "Biophysical Society. Meeting."
          },
          {
            "s": "Abstracts (2007)."
          },
          {
            "t": "Abstracts"
          },
          {
            "w": "(DLC)  2007252306"
          },
          {
            "w": "(OCoLC)85645499"
          }
        ]
      }
    },
    {
      "850": {
        "ind1": "\\",
        "ind2": "\\",
        "subfields": [
          {
            "a": "CSt-L"
          },
          {
            "a": "DLC"
          },
          {
            "a": "DNAL"
          },
          {
            "a": "GU"
          },
          {
            "a": "MnSU"
          },
          {
            "a": "NCH"
          }
        ]
      }
    },
    {
      "856": {
        "ind1": "4",
        "ind2": "1",
        "subfields": [
          {
            "u": "http://www.biophysj.org/"
          }
        ]
      }
    },
    {
      "856": {
        "ind1": "4",
        "ind2": "1",
        "subfields": [
          {
            "u": "http://www.sciencedirect.com/science/journal/00063495"
          }
        ]
      }
    },
    {
      "856": {
        "ind1": "4",
        "ind2": "1",
        "subfields": [
          {
            "u": "http://www.ncbi.nlm.nih.gov/pmc/journals/231/"
          }
        ]
      }
    },
    {
      "891": {
        "ind1": "2",
        "ind2": "0",
        "subfields": [
          {
            "9": "853"
          },
          {
            "8": "1"
          },
          {
            "a": "v."
          },
          {
            "b": "no."
          },
          {
            "u": "12"
          },
          {
            "v": "r"
          },
          {
            "i": "(year)"
          },
          {
            "j": "(month)"
          },
          {
            "k": "(day)"
          },
          {
            "w": "s"
          }
        ]
      }
    },
    {
      "891": {
        "ind1": "4",
        "ind2": "1",
        "subfields": [
          {
            "9": "863"
          },
          {
            "8": "1.1"
          },
          {
            "a": "90"
          },
          {
            "b": "1"
          },
          {
            "i": "2006"
          },
          {
            "j": "01"
          },
          {
            "k": "01"
          }
        ]
      }
    },
    {
      "936": {
        "ind1": "\\",
        "ind2": "\\",
        "subfields": [
          {
            "a": "Unknown"
          },
          {
            "a": "June 1979 (surrogate)"
          },
          {
            "a": "Vol. 90, no. 1 (Jan. 1, 2006)"
          }
        ]
      }
    },
    {
      "994": {
        "ind1": "\\",
        "ind2": "\\",
        "subfields": [
          {
            "a": "Z0"
          },
          {
            "b": "NYRVC"
          }
        ]
      }
    },
    {
      "948": {
        "ind1": "\\",
        "ind2": "\\",
        "subfields": [
          {
            "h": "NO HOLDINGS IN NYRVC - 849 OTHER HOLDINGS"
          }
        ]
      }
    },
    {
      "999": {
        "ind1": "\\",
        "ind2": "\\",
        "subfields": [
          {
            "a": "00000000013061"
          },
          {
            "v": "v. 24, no. 1"
          }
        ]
      }
    },
    {
      "999": {
        "ind1": "\\",
        "ind2": "\\",
        "subfields": [
          {
            "a": "00000000013069"
          },
          {
            "v": "v. 32, no. 1"
          }
        ]
      }
    },
    {
      "999": {
        "ind1": "\\",
        "ind2": "\\",
        "subfields": [
          {
            "a": "00000000013057"
          },
          {
            "v": "v. 62"
          }
        ]
      }
    },
    {
      "999": {
        "ind1": "\\",
        "ind2": "\\",
        "subfields": [
          {
            "a": "00000000013032"
          },
          {
            "v": "v. 49, no. 1"
          }
        ]
      }
    },
    {
      "999": {
        "ind1": "\\",
        "ind2": "\\",
        "subfields": [
          {
            "a": "No barcode"
          },
          {
            "v": "v. 45, no. 1"
          }
        ]
      }
    },
    {
      "999": {
        "ind1": "\\",
        "ind2": "\\",
        "subfields": [
          {
            "a": "00000000013065"
          },
          {
            "v": "v. 37, no. 1"
          }
        ]
      }
    }
  ]
}